@article{Kelly2011,
  doi = {10.15288/jsad.2011.72.399},
  url = {https://doi.org/10.15288/jsad.2011.72.399},
  year = {2011},
  month = may,
  publisher = {Alcohol Research Documentation,  Inc.},
  volume = {72},
  number = {3},
  pages = {399--407},
  author = {Adrian B. Kelly and John W. Toumbourou and Martin O{\textquotesingle}Flaherty and George C. Patton and Ross Homel and Jason P. Connor and Joanne Williams},
  title = {Family Relationship Quality and Early Alcohol Use: Evidence for Gender-Specific Risk Processes},
  journal = {Journal of Studies on Alcohol and Drugs}
}

@article{Flor2020,
  doi = {10.1016/s2468-2667(19)30254-3},
  url = {https://doi.org/10.1016/s2468-2667(19)30254-3},
  year = {2020},
  month = jan,
  publisher = {Elsevier {BV}},
  volume = {5},
  number = {1},
  pages = {e10--e11},
  author = {Luisa Socio Flor and Emmanuela Gakidou},
  title = {The burden of alcohol use: better data and strong policies towards a sustainable development},
  journal = {The Lancet Public Health}
}

@article{Room2013,
  doi = {10.7895/ijadr.v2i1.58},
  url = {https://doi.org/10.7895/ijadr.v2i1.58},
  year = {2013},
  month = mar,
  publisher = {International Journal of Alcohol and Drug Research},
  volume = {2},
  number = {1},
  pages = {77--87},
  author = {Robin Room and Kim Bloomfield and Gerhard Gmel and Ulrike Grittner and Nina-Katri Gustafsson and Pia M\"{a}kel\"{a} and Esa \"{O}sterberg and Mats Ramstedt and J\"{u}rgen Rehm and Matthias Wicki},
  title = {What happened to alcohol consumption and problems in the Nordic countries when alcohol taxes were decreased and borders opened?},
  journal = {The International Journal of Alcohol and Drug Research}
}

@article{Lees2020,
  doi = {10.1016/j.pbb.2020.172906},
  url = {https://doi.org/10.1016/j.pbb.2020.172906},
  year = {2020},
  month = may,
  publisher = {Elsevier {BV}},
  volume = {192},
  pages = {172906},
  author = {Briana Lees and Lindsay R. Meredith and Anna E. Kirkland and Brittany E. Bryant and Lindsay M. Squeglia},
  title = {Effect of alcohol use on the adolescent brain and behavior},
  journal = {Pharmacology Biochemistry and Behavior}
}

@article{Brody1993,
  doi = {10.1016/0005-7967(93)90110-g},
  url = {https://doi.org/10.1016/0005-7967(93)90110-g},
  year = {1993},
  month = jul,
  publisher = {Elsevier {BV}},
  volume = {31},
  number = {6},
  pages = {587--593},
  author = {Gene H. Brody and Rex Forehand},
  title = {Prospective associations among family form,  family processes,  and adolescents{\textquotesingle} alcohol and drug use},
  journal = {Behaviour Research and Therapy}
}

@article{Hayatbakhsh2011,
  doi = {10.1016/j.alcohol.2010.10.009},
  url = {https://doi.org/10.1016/j.alcohol.2010.10.009},
  year = {2011},
  month = nov,
  publisher = {Elsevier {BV}},
  volume = {45},
  number = {7},
  pages = {701--709},
  author = {Mohammad Reza Hayatbakhsh and Jake M. Najman and William Bor and Alexandra Clavarino and Rosa Alati},
  title = {School performance and alcohol use problems in early adulthood: a longitudinal study},
  journal = {Alcohol}
}

@article{Senchak1998,
  doi = {10.1037/0893-164x.12.1.62},
  url = {https://doi.org/10.1037/0893-164x.12.1.62},
  year = {1998},
  month = mar,
  publisher = {American Psychological Association ({APA})},
  volume = {12},
  number = {1},
  pages = {62--70},
  author = {Marilyn Senchak and Kenneth E. Leonard and Brian W. Greene},
  title = {Alcohol use among college students as a function of their typical social drinking context.},
  journal = {Psychology of Addictive Behaviors}
}